<record xmlns="http://www.loc.gov/MARC21/slim" xmlns:xsi="http://www.w3.org/2001/XMLSchema-instance" xsi:schemaLocation="http://www.loc.gov/MARC21/slim http://www.loc.gov/standards/marcxml/schema/MARC21slim.xsd"><leader>02208nam a2200457   4500</leader><controlfield tag="001">3233727</controlfield><controlfield tag="003">NNC</controlfield><controlfield tag="006">m        d        </controlfield><controlfield tag="007">cr cn |||m|||a</controlfield><controlfield tag="008">150223m18961898le      ob    000 0 ara d</controlfield><datafield ind1=" " ind2=" " tag="040"><subfield code="a">NNU</subfield><subfield code="b">eng</subfield><subfield code="e">rda</subfield><subfield code="c">NNU</subfield></datafield><datafield ind1="0" ind2=" " tag="041"><subfield code="a">ara</subfield><subfield code="a">fre</subfield></datafield><datafield ind1="1" ind2="4" tag="050"><subfield code="a">PJ6025</subfield><subfield code="b">.I36x</subfield></datafield><datafield ind1="0" ind2=" " tag="100"><subfield code="6">880-01</subfield><subfield code="a">Ibn al-Sikki&#772;t,</subfield><subfield code="d">-857 or 858.</subfield></datafield><datafield ind1="1" ind2="3" tag="245"><subfield code="a">La critique du langage /</subfield><subfield code="c">par Ibn as-Sikkit ; avec les commentaires du Cheikh Abou-Yahia Zakariah at-Tibrizi ; suivis de notes critiques et de tables par Louis Cheikho.</subfield></datafield><datafield ind1="3" ind2=" " tag="246"><subfield code="6">880-02</subfield><subfield code="a">Kanz al-h&#803;uffa&#772;z&#803; fi&#772; kita&#772;b Tahdhi&#772;b al-alfa&#772;z&#803; </subfield></datafield><datafield ind1=" " ind2=" " tag="260"><subfield code="a">Beyrouth  :</subfield><subfield code="b">Imprimerie catholique,</subfield><subfield code="c">1896-1898.</subfield></datafield><datafield ind1=" " ind2=" " tag="300"><subfield code="a">online resource (lv, 940 pages)</subfield></datafield><datafield ind1=" " ind2=" " tag="336"><subfield code="a">text</subfield><subfield code="2">rdacontent</subfield></datafield><datafield ind1=" " ind2=" " tag="337"><subfield code="a">computer</subfield><subfield code="2">rdamedia</subfield></datafield><datafield ind1=" " ind2=" " tag="338"><subfield code="a">online resource</subfield><subfield code="2">rdacarrier</subfield></datafield><datafield ind1=" " ind2=" " tag="500"><subfield code="a">Added t.p. in Arabic: Kunz al-h&#803;afa&#772;z fi&#772; kita&#772;b tahdhib al-alfa&#772;z.</subfield></datafield><datafield ind1=" " ind2=" " tag="500"><subfield code="a">Arabic t.p. has imprint date: 1895.</subfield></datafield><datafield ind1=" " ind2=" " tag="500"><subfield code="a">Part of the Arabic Collections Online (ACO) project, contributed by Columbia University Libraries.</subfield></datafield><datafield ind1=" " ind2=" " tag="504"><subfield code="a">Includes bibliographical references.</subfield></datafield><datafield ind1=" " ind2=" " tag="533"><subfield code="a">Electronic reproduction.</subfield><subfield code="b">New York, N.Y. :</subfield><subfield code="c">New York University,</subfield><subfield code="d">2015.</subfield><subfield code="5">NNU</subfield></datafield><datafield ind1=" " ind2=" " tag="546"><subfield code="a">Arabic text ; title page and introduction in French</subfield></datafield><datafield ind1=" " ind2="0" tag="650"><subfield code="a">Arabic philology.</subfield></datafield><datafield ind1=" " ind2="0" tag="650"><subfield code="a">Arabic language</subfield><subfield code="x">History.</subfield></datafield><datafield ind1=" " ind2="7" tag="650"><subfield code="a">Arabic language.</subfield><subfield code="2">fast</subfield><subfield code="0">(OCoLC)fst00812287</subfield></datafield><datafield ind1=" " ind2="7" tag="650"><subfield code="a">Arabic philology.</subfield><subfield code="2">fast</subfield><subfield code="0">(OCoLC)fst00812526</subfield></datafield><datafield ind1=" " ind2="7" tag="655"><subfield code="a">History.</subfield><subfield code="2">fast</subfield><subfield code="0">(OCoLC)fst01411628</subfield></datafield><datafield ind1="2" ind2=" " tag="710"><subfield code="a">Columbia University.</subfield><subfield code="b">Libraries.</subfield></datafield><datafield ind1="0" ind2=" " tag="730"><subfield code="a">Arabic Collections Online.</subfield></datafield><datafield ind1="0" ind2="8" tag="776"><subfield code="i">Online version:</subfield><subfield code="a">Ibn al-Sikki&#772;t, d. 857 or 8.</subfield><subfield code="t">Critique du langage.</subfield><subfield code="d">Beyrouth : Imprimerie catholique, 1896-1898</subfield><subfield code="w">(OCoLC)655483325</subfield></datafield><datafield ind1="0" ind2="8" tag="776"><subfield code="i">Print version:</subfield><subfield code="a">Ibn al-Sikki&#772;t, -857 or 858.</subfield><subfield code="t">La critique du langage</subfield><subfield code="w">(NNC)3233727</subfield><subfield code="w">(OCoLC)18918989</subfield></datafield><datafield ind1="4" ind2="0" tag="856"><subfield code="u">http://hdl.handle.net/2333.1/wstqjs1m</subfield></datafield><datafield ind1="0" ind2=" " tag="880"><subfield code="6">100-01</subfield><subfield code="a">&#1575;&#1576;&#1606; &#1575;&#1604;&#1587;&#1603;&#1610;&#1578;&#1548;</subfield><subfield code="d">-857 or 858.</subfield></datafield><datafield ind1="3" ind2=" " tag="880"><subfield code="6">246-02</subfield><subfield code="a">&#1603;&#1606;&#1586; &#1575;&#1604;&#1581;&#1601;&#1575;&#1592; &#1601;&#1610; &#1603;&#1578;&#1575;&#1576; &#1578;&#1607;&#1584;&#1610;&#1576; &#1575;&#1604;&#1575;&#1604;&#1601;&#1575;&#1592; </subfield></datafield><datafield ind1=" " ind2=" " tag="959"><subfield code="a">NNU</subfield><subfield code="b">WEB</subfield><subfield code="c">GENI</subfield><subfield code="t">0</subfield><subfield code="m">Electronic access</subfield><subfield code="s">01</subfield></datafield><datafield ind1=" " ind2=" " tag="999"><subfield code="i">NNC_3233727</subfield><subfield code="o">(OCoLC)18918989</subfield><subfield code="e">OK</subfield><subfield code="s">columbia_aco000007</subfield></datafield></record>